1909 3258
0 2669 36 2874 ..ὦ

877 216 930 267 15

343 339 430 383 Hd.
466 341 522 382 36
555 355 617 397 sq.
652 347 719 386 καὶ
767 347 1060 399 προσελθόντες
1093 344 1255 401 εῧρομεν
1298 345 1412 389 αὐτὸν
1459 350 1606 401 βιβλίον

200 416 240 459 ἐν
286 425 370 460 ταῖν
418 426 552 474 χεροῖν
600 420 745 476 ἔχοντα
793 419 846 461 cf.
896 419 1017 474 Nigr.
1060 425 1086 462 2
1132 427 1200 464 καὶ
1250 426 1466 478 παρελθὼν
1514 425 1604 465 εἴσω

197 497 501 550 καταλαμβάνω
534 500 598 538 τὸν
632 500 701 552 μἐν
733 500 883 551 βιβλίον
915 497 954 539 ἐν
988 506 1072 540 ταῖν
1103 507 1236 554 χεροῖν
1269 500 1426 555 ἔχοντα.

345 569 430 611 Hd.
475 570 557 612 827
598 586 661 627 sq.
706 577 762 621 τίς
808 572 873 616 οὖν
924 582 1097 617 τοιοῦτον
1146 575 1362 631 ἀνάσχοιτο
1408 578 1603 631 κάθαρμα

203 654 329 706 φῦκος
362 648 658 705 ἐντετριμμένον
691 649 803 704 (eod.
838 649 873 690 T
897 649 1026 691 habet
1059 651 1223 707 ἐκτετρ.)
1256 655 1414 700 καὶτὰς
1440 654 1604 707 παρειάς

202 723 551 782 ὑπογεγραμμένον
575 726 649 779 (ef.
672 727 773 777 914>
797 726 850 767 cf.
874 726 1006 769 Mero.
1030 727 1153 768 cond.
1174 728 1229 769 33
1251 731 1607 784 παρακαθίζεσθαι

203 809 332 861 φῦκος
365 803 659 860 ἐντετριμμένον
691 808 760 847 καὶ
782 802 1130 861 ὒπογεγραμμένον
1162 808 1252 853 τοὺς
1282 806 1522 863 ὀφθαλμοὺς
1543 837 1551 845 .
1572 839 1579 846 .
1602 839 1609 845 .

203 884 272 923 καὶ
304 885 369 923 τὸν
400 883 607 939 τράχηλον
635 881 972 938 ἐπικεκλασμένον
1001 881 1075 935 (cf.
1099 880 1183 922 Hd.
1207 882 1293 923 940
1313 886 1377 924 τὸν
1409 883 1611 937 τράχηλον

205 957 410 1010 ἐπικλῶν).
490 956 655 998 Similia
707 957 908 1011 leguntur
953 957 1081 998 etiam
1128 957 1201 998 Bis
1246 972 1336 999 aec.
1381 958 1448 1000 31.
1490 955 1610 996 Rhet.

205 1047 351 1089 praec.
389 1035 454 1075 11.
489 1033 599 1076 Hist.
633 1034 672 1076 8.

347 1110 434 1151 Hd.
452 1111 536 1152 842
553 1116 678 1168 γέρων
702 1113 743 1153 δὲ
775 1112 806 1154 εἰ
829 1116 883 1169 μὴ
908 1116 1124 1168 παραπαίει
1148 1111 1200 1151 ef.
1221 1110 1334 1152 Dial.
1354 1116 1474 1152 mort.
1494 1109 1562 1164 27,
1586 1112 1612 1152 9

206 1193 448 1245 παραπαίεις
480 1189 511 1231 ὦ
544 1193 658 1245 γέρον
691 1194 731 1229 et
763 1188 955 1230 Hermot.
992 1188 1046 1229 27
1082 1189 1113 1230 εἰ
1147 1194 1202 1246 μή
1236 1206 1292 1237 τις
1325 1186 1424 1231 &Sem
1457 1190 1612 1245 σφόδρα

205 1270 439 1322 παραπαίει.

356 1341 438 1384 Hd.
473 1343 529 1384 84
561 1356 623 1397 sq.
657 1342 732 1396 ἐγὼ
766 1344 808 1384 δὲ
840 1342 1072 1399 ἠχθέσθην,
1117 1343 1153 1383 εἴ
1184 1358 1240 1390 τις
1273 1344 1510 1399 σωφροσῦνη
1543 1344 1611 1382 καὶ

206 1421 366 1475 παιδεία
404 1423 754 1476 συντεθραμμένος
786 1423 855 1462 καὶ
886 1421 1019 1472 λόγοις
1057 1417 1203 1466 ἱκανῶς
1236 1418 1494 1474 ἐνωμιληκώς
1526 1419 1611 1459 κτλ.

209 1495 264 1537 cf.
319 1494 424 1537 Salt.
458 1496 485 1536 2
524 1497 624 1554 ἀνὴρ
668 1498 711 1538 δέ
757 1513 814 1545 τις
848 1496 899 1538 ὢν
938 1499 1005 1538 καὶ
1043 1502 1167 1536 ταῦτα
1199 1495 1356 1548 παιδεία
1400 1496 1612 1550 σι’)ντροφος

207 1577 276 1616 καὶ
309 1576 527 1632 φιλοσοφία
558 1573 777 1631 ὡμιληκώς
810 1571 883 1626 (of.
917 1571 1047 1612 Mero.
1083 1569 1206 1612 cond.
1245 1570 1327 1625 13).

353 1649 495 1691 Minus
520 1650 674 1704 gravia
706 1648 814 1691 haee
846 1647 1046 1703 exempla
1078 1653 1193 1688 sunt:
1233 1645 1318 1686 Hd.
1344 1645 1428 1686 546
1460 1650 1612 1693 πάντως

215 1728 257 1769 δὲ
295 1728 455 1776 ἀκοὺεις
488 1744 562 1770 ποι)
594 1731 663 1770 καὶ
694 1730 740 1769 σι’)
786 1725 855 1783 (of.
899 1724 1025 1765 etiam
1065 1722 1286 1778 Hermipp.
1325 1736 1366 1777 p.
1410 1722 1447 1775 1,
1481 1722 1524 1773 9)
1559 1720 1613 1761 ef.

214 1803 329 1847 Dial.
362 1810 485 1846 mort.
521 1804 559 1859 7,
596 1805 613 1844 1
657 1804 781 1847 οἶσθα
820 1806 894 1858 γὰρ
934 1806 1002 1844 καὶ
1040 1805 1086 1843 σι’)
1128 1816 1153 1843 π
1179 1817 1200 1842 o
1234 1798 1305 1854 (ef.
1338 1798 1465 1839 etiam
1499 1796 1612 1838 Dial.

212 1880 329 1922 deor.
367 1882 433 1935 19,
471 1882 544 1933 133
577 1880 661 1922 Pro
695 1881 823 1934 imag.
859 1879 934 1930 2:33
969 1876 1079 1919 Gall.
1118 1878 1183 1918 13.
1222 1876 1301 1932 14).

353 1957 440 1999 Hd.
484 1957 565 2000 789
611 1959 763 2015 ἀγχόνη
805 1956 907 1999 τοῦτ’
955 1955 1002 1997 ἂν
1043 1956 1104 2011 εἰἠ
1150 1952 1220 2005 (ef.
1260 1951 1368 1992 Mus.
1413 1950 1511 2001 1³49)
1559 1949 1612 1989 cf.

213 2034 322 2076 Tim.
356 2036 413 2076 45
446 2037 599 2093 ἀγχόνη
632 2039 707 2091 γὰρ
742 2034 788 2077 ἂν
820 2039 863 2076 τὸ
896 2041 1060 2089 πρᾶγμα
1092 2035 1251 2084 γένοιτο.

356 2111 442 2153 Hd.
476 2113 560 2155 ⁸099
599 2126 662 2167 sq.
707 2115 775 2154 καὶ
807 2115 841 2153 τί
890 2110 935 2152 ἂν
976 2116 1100 2150 ταῦτα
1142 2105 1241 2149 καθ’
1275 2105 1425 2146 ἕκαστα
1470 2104 1616 2150 διεξιών

213 2192 299 2233 κτλ.
333 2189 386 2230 ef.
422 2188 522 2244 Jup.
556 2189 666 2230 conf.
706 2188 755 2229 17
796 2188 861 2230 ἵνα
902 2191 956 2244 μὴ
995 2189 1043 2227 τὰ
1081 2191 1144 2227 νῦν
1185 2186 1290 2236 λέγω
1328 2181 1425 2224 καθ’
1466 2180 1616 2222 ἕκαστα

214 2267 388 2315 ἐπεξιών.

357 2342 528 2384 Deinde
562 2341 713 2384 eadem
738 2338 938 2395 exempla
961 2353 1015 2379 ex
1046 2335 1221 2378 historia
1243 2340 1284 2375 et
1316 2332 1464 2374 fabula
1486 2330 1614 2373 Grae-

217 2434 364 2462 corum
398 2426 438 2461 et
471 2434 497 2462 a
529 2419 722 2461 Luciano
755 2424 795 2459 et
827 2433 852 2458 a
882 2414 1083 2456 Katrario
1117 2411 1309 2454 adhibita
1341 2415 1437 2450 sunt
1469 2409 1539 2460 ita,
1572 2412 1617 2448 ut

218 2497 345 2539 etiam
393 2496 528 2539 verba
576 2495 858 2538 consentiant.
933 2491 1017 2533 Hd.
1065 2490 1144 2531 281
1192 2503 1254 2543 sq.
1303 2485 1618 2537 coniunguntur

216 2573 442 2627 Anchises,
477 2574 605 2628 Attis,
639 2570 930 2629 GanymecleS‚
965 2565 1222 2623 Endymion,
1265 2562 1336 2617 qui
1376 2577 1401 2602 a
1433 2560 1512 2600 diis
1545 2558 1617 2599 ad-

219 2651 351 2692 amati
383 2651 488 2704 sint3
538 2650 651 2691 idem
696 2650 743 2689 fit
775 2648 901 2689 Deor.
940 2645 1071 2686 Cone.
1107 2642 1152 2694 8;
1198 2637 1445 2681 Katrarium
1478 2641 1617 2677 autem

219 2742 274 2769 ex
296 2727 491 2770 Lueiano
524 2727 715 2769 hausisse
742 2723 806 2769 vel
840 2722 940 2763 inde
973 2723 1165 2775 apparet,
1199 2714 1313 2771 quod
1336 2712 1469 2754 verba
1490 2713 1619 2753 ἐάσειν

220 2807 425 2862 μοιδοκῶ
467 2805 547 2846 hoe
579 2804 671 2859 ipso
717 2801 808 2842 loeo
853 2800 896 2839 in
938 2786 1117 2850 utroque
1151 2793 1358 2847 scriptore
1403 2789 1619 2841 leguntur3

219 2888 446 2938 praeterea
478 2882 621 2924 omnia
662 2881 767 2922 liaeo
799 2876 972 2918 nomina
1010 2872 1159 2914 eadem
1199 2869 1361 2910 ratione
1394 2865 1620 2907 coniuncta

221 2961 338 3018 apud
371 2960 533 3003 nullum
567 2958 821 3013 scriptorem
853 2951 1011 2994 inveni.
