1909 3258
872 179 923 222 17

190 295 369 351 opponit
401 295 529 350 (Mus.
550 296 812 351 318—428).
849 295 954 348 Quis
989 301 1142 348 autem,
1178 310 1272 338 cum
1307 311 1398 337 eam
1433 295 1595 350 legerit,

192 386 277 413 non
314 372 368 412 de
391 371 694 427 Aristophanis
726 372 891 414 Avibus
925 372 1211 428 cogitaverit?
1244 374 1309 414 Ac
1340 388 1384 414 re
1418 388 1522 415 vera
1554 374 1594 413 in

198 448 501 503 Aristophanis
535 448 609 490 illa
642 448 792 490 fabula
824 450 880 505 (v,
916 450 1000 490 [376
1033 453 1114 504 sq.)
1156 448 1346 490 similiter
1380 449 1592 491 hominum

189 531 232 566 et
265 525 412 566 avium
455 525 542 566 vita
582 531 868 580 comparatur.
924 525 1123 566 Musoclis
1163 533 1305 567 autem
1345 526 1593 580 scriptorem

191 601 244 642 de
278 601 567 656 Aristophane
600 602 871 656 cogitavisse,
915 617 1010 644 cum
1044 602 1155 643 hanc
1188 602 1329 643 avium
1363 602 1593 643 orationem

190 685 481 734 componeret,
528 686 570 720 et
602 679 854 721 Katrarium
891 679 1060 720 omnino
1094 679 1393 734 Aristophanis
1425 678 1594 720 fabulas

189 755 346 810 legisse
378 755 446 796 vel
488 755 587 796 inde
628 761 822 811 apparet,
866 755 979 811 quod
1025 755 1264 811 complures
1296 755 1595 810 Aristophanis

189 831 271 873 loci
313 847 390 888 per
439 847 584 873 onmes
627 838 712 873 tres
763 832 957 886 dialogos
990 832 1128 887 sparsi
1172 832 1448 874 inveniuntur
1491 832 1593 887 (Hd.

193 910 304 951 1036
326 924 388 965 sq.
413 909 522 951 Mus.
539 910 636 952 291,
657 910 743 951 424
765 924 826 965 sq.
847 909 1071 964 Hermipp.
1093 924 1133 964 p.
1154 910 1223 963 33,
1250 908 1594 963 lO=Aristoph.

189 986 272 1027 Av.
321 987 436 1040 693).
502 985 775 1042 Quamquam
829 986 959 1040 igitur
1006 985 1317 1041 Aristophanes
1364 985 1595 1040 praecipue

188 1062 393 1105 Musoclis
433 1063 684 1118 scriptorem
718 1062 896 1119 adlexit‚
943 1068 1082 1104 tamen
1118 1077 1170 1103 ne
1203 1062 1386 1104 Luciani
1425 1062 1596 1117 quidem

192 1139 377 1194 vestigia
416 1139 543 1195 plane
590 1155 615 1181 a
654 1139 844 1181 Musocle
887 1139 1064 1192 absunt3
1113 1145 1210 1181 sunt
1249 1144 1389 1180 autem
1428 1137 1597 1193 singula

190 1216 326 1258 verba
373 1222 414 1257 et
452 1217 689 1258 sententiae
728 1216 882 1272 quibus
920 1215 1160 1258 Lucianum
1199 1230 1243 1257 se
1282 1215 1401 1271 sequi
1441 1215 1596 1270 prodit.

191 1293 315 1346 Quae
348 1293 445 1348 sint,
479 1293 717 1336 videamus.

331 1382 441 1423 Mus.
475 1383 531 1424 46
564 1397 625 1438 sq.
661 1383 681 1425 ὁ
713 1383 813 1426 καθ’
846 1383 999 1440 ἡμέραν
1033 1386 1184 1440 φθόνος
1217 1383 1496 1439 ἐπιφερόμενος
1529 1386 1596 1424 καὶ

192 1467 309 1517 μῖσος
357 1460 603 1517 ἐγειρόμενον
650 1464 718 1503 καὶ
763 1460 971 1515 ἐπιβουλαὶ
1016 1463 1151 1516 μυρίαι
1196 1461 1282 1501 κτλ.
1330 1464 1370 1498 et
1412 1458 1492 1498 163
1534 1471 1595 1511 sq.

191 1541 342 1596 φθόνον
384 1539 426 1579 δὲ
458 1541 526 1580 καὶ
571 1545 686 1594 μῖσος
718 1541 786 1579 καὶ
821 1539 1011 1591 διαβολὰς
1050 1539 1158 1591 παρὰ
1197 1545 1271 1578 τῶν
1311 1533 1596 1589 ὑποδεεστέρων

191 1614 333 1671 ἐγείρει
369 1613 423 1654 ef.
456 1613 570 1656 Nav.
604 1614 658 1655 39
691 1614 898 1669 ἐπιβουλαὶ
931 1618 1066 1669 μυρίαι
1098 1616 1166 1655 καὶ
1198 1616 1350 1670 φθόνος
1382 1614 1490 1667 παρὰ
1522 1620 1596 1652 τῶν

190 1697 384 1735 συνόντων
416 1695 485 1734 καὶ
517 1699 631 1747 μῖσος
664 1695 732 1733 καὶ
763 1693 971 1733 κολακεία.

333 1767 443 1810 Mus.
480 1768 560 1809 127
594 1782 656 1823 sq.
690 1770 813 1809 πλείω
845 1771 892 1809 τα
925 1768 1068 1822 ἀνιαρὰ
1099 1775 1174 1808 τῶν
1197 1765 1322 1823 ἡδέων
1345 1765 1596 1820 ἐπιγενόμενα

192 1843 246 1886 cf.
282 1844 410 1886 Char.
449 1844 500 1886 18
534 1848 656 1887 πλείω
689 1854 765 1887 τῶν
798 1845 925 1902 ἡδέων
958 1842 1113 1900 εὑρήσει
1145 1846 1194 1884 τὰ
1226 1843 1370 1897 ἀνιαρὰ
1401 1847 1597 1897 προσόντα

191 1921 325 1972 αὐτοῖς
358 1921 430 1976 (cf.
464 1921 576 1963 Nav.
610 1922 698 1975 41).

333 2010 444 2053 Mus.
477 2010 564 2051 224
602 2011 815 2053 σπουδαῖον
853 2007 964 2052 οὐδὲν
996 2009 1233 2055 κάνταυταις
1273 2005 1327 2047 cf.
1372 2003 1422 2046 V.
1456 2005 1507 2045 A.
1546 2004 1596 2044 13

194 2090 407 2132 σπουδαῖον
439 2086 551 2131 οὐδὲν
582 2088 623 2131 ἐν
656 2086 864 2130 αὐτέοισιν.

333 2164 443 2206 Mus.
478 2164 558 2206 281
595 2178 656 2218 sq.
697 2164 828 2219 ὥσπερ
862 2161 1069 2217 ὁἽκαρος
1109 2159 1326 2216 οὐρανόθεν
1364 2161 1597 2201 καταπεσών

193 2240 334 2294 Imag.
367 2242 436 2283 21.
471 2241 506 2284 οἱ
529 2241 686 2297 Ἴκαροι
708 2272 716 2280 .
742 2272 749 2280 .
774 2272 782 2280 .
817 2239 871 2287 είς
904 2241 1058 2295 πελάγη
1083 2269 1090 2277 .
1117 2268 1124 2276 .
1151 2268 1158 2276 .
1185 2237 1450 2292 ἐμπίπτοντες.

336 2317 446 2360 Mus.
480 2318 565 2359 278
599 2317 775 2374 Κροῖσος
808 2316 998 2370 ἐκβαίνων
1031 2315 1093 2356 ἐπὶ
1130 2318 1198 2371 τὴν
1236 2316 1361 2368 πυράν
1394 2310 1448 2352 cf.
1496 2309 1596 2363 Jup.

192 2400 303 2449 trag.
337 2395 393 2436 23
426 2395 603 2452 Κροῖσος
635 2395 857 2449 ἀναβαίνων
890 2392 951 2434 ἐπὶ
981 2395 1024 2433 τὸ
1056 2397 1146 2446 πῦρ.

338 2483 447 2526 MUS.
483 2484 567 2525 335
599 2496 661 2538 sq.
694 2485 828 2530 λίθοις
862 2482 903 2522 δὲ
934 2481 1166 2522 πολυτελέσι
1188 2479 1448 2532 καλυψαντες,
1482 2474 1597 2528 ἀκρι-

194 2563 283 2617 βείᾳ
297 2563 338 2604 δὲ
356 2569 516 2619 γραφῆς
532 2564 602 2604 καὶ
619 2562 798 2613 ποικιλία
812 2560 1036 2615 χρωμάτων
1055 2556 1300 2612 ἀσκήσαντες
1319 2552 1372 2594 ef.
1391 2551 1525 2601 Imag·
1545 2550 1592 2588 ll

193 2641 328 2687 λίθοις
361 2646 443 2687 τοῖς
482 2640 738 2682 πολυτελέσιν
778 2635 1006 2692 ἠσκημένος
1038 2636 1106 2675 καὶ
1147 2639 1284 2688 χρυσῷ
1322 2633 1389 2671 καὶ
1426 2634 1596 2684 γραφαῖς

194 2717 489 2774 διηνθισμένος.

337 2803 446 2846 Mus.
469 2803 555 2845 543
577 2801 820 2859 ὑπερβαίνειν
841 2802 932 2848 τοὺς
955 2787 1072 2854 ὅρνους
1095 2804 1165 2854 τῆς
1188 2798 1342 2853 <paoem
1360 2791 1414 2833 Cf·
1434 2788 1547 2831 Abd·
1570 2789 1597 2828 4

195 2879 440 2938 ὑπερβαίνειν
472 2884 564 2930 τοὺς
597 2880 714 2936 ὅρους
745 2886 817 2936 τῆς
847 2881 1006 2934 τέχνης.
1318 2938 1343 2976 2
