1909 3258
976 201 1003 242 ὓ

307 335 451 362 omnes
494 329 577 361 tres
622 319 806 361 ciusdem
855 318 1073 373 scriptoris
1118 316 1311 371 dialogos
1343 331 1434 358 esse
1479 317 1567 360 veri
1613 317 1697 359 iam

300 398 476 439 similius
509 397 598 439 crit.
634 397 861 447 Postremo,
895 409 989 436 cum
1025 400 1203 436 aetatem
1232 408 1452 450 genusque
1475 394 1696 450 scriptoris

297 474 624 527 dctiniverimus‚
648 473 771 513 ctiam
795 471 850 513 ad
874 471 1090 512 historiam
1113 470 1350 512 studiorum
1374 470 1689 513 Lucianeorum

297 549 454 605 aliquid
489 549 765 590 conferemus.
831 547 1102 603 Quamquam
1143 546 1374 589 dolendum
1416 553 1481 589 est
1520 547 1694 603 plenam

298 626 442 667 horum
466 625 697 666 studiorum
717 624 931 666 historiam
955 623 1094 666 adhuc
1113 622 1196 665 diei
1216 630 1457 666 emanatam
1480 638 1562 666 non
1586 639 1694 680 esse,

296 717 389 743 cuin
425 702 448 742 ii
475 702 545 756 qui
569 700 717 742 studiis
742 700 968 742 Lucianeis
1002 707 1042 741 et
1076 700 1325 757 Byzantinis
1358 714 1533 755 operam
1557 714 1689 743 nava·

299 786 463 828 verunt,
498 777 602 819 hace
635 777 758 818 modo
791 777 1068 831 attigerint.¹)

437 854 782 896 Dissertationem
805 853 915 895 hane
938 853 998 895 ita
1021 852 1250 907 instituam,
1271 859 1316 895 ut
1339 853 1523 908 primum
1545 859 1690 909 partes

296 938 415 983 totas,
449 945 555 985 quae
578 930 617 971 in
641 929 818 983 singulis
852 929 1033 984 dialogis
1065 944 1118 971 ex
1138 929 1330 972 Luciano
1353 936 1548 986 sumptae
1572 930 1689 973 inve-

299 1007 481 1058 niuntur,
521 1020 770 1061 componam
803 1012 842 1047 et
875 1005 1028 1048 deinde
1073 1006 1214 1048 omnia
1248 1005 1467 1049 Lucianea
1506 1007 1692 1063 vestigia

297 1083 457 1123 minora
490 1082 700 1135 adferam;
750 1083 791 1124 in
825 1083 906 1124 fine
947 1082 1067 1125 huius
1109 1083 1420 1126 dissertationis
1459 1083 1690 1140 adponam,

296 1158 395 1214 quid
430 1174 480 1198 ex
505 1158 734 1200 imitatione
755 1158 934 1201 Luciani
959 1159 1011 1201 ad
1046 1165 1226 1202 aetatem
1250 1174 1470 1218 genusque
1493 1160 1689 1204 Katrarii

295 1234 622 1276 ‹tetiiiiniendum
656 1235 875 1280 efficiatur.

433 2837 456 2872 ἰ
484 2839 619 2869 “unitim
646 2849 745 2881 quat·
774 2839 844 2873 linc
865 2841 911 2874 dv
942 2853 981 2875 ro
1001 2843 1145 2888 scripta
1172 2850 1263 2882 sunt
1283 2855 1472 2894 cong-esta
1499 2853 1676 2898 reperies

290 2907 324 2930 ιιι
356 2897 633 2935 Krumbncliort
662 2902 800 2938 Gosch.
828 2905 862 2939 d.
891 2906 1046 2951 byzant.
1073 2908 1184 2945 Litt.²
1218 2911 1297 2948 ind.
1332 2923 1362 2949 s.
1388 2925 1424 2950 V.
1451 2914 1673 2954 Lukianos.
