1975 3330
0 3178 45 3330 mss*
21 3139 33 3167 m.
15 3029 26 3045 ³-

727 873 1061 926 Praefatio.

336 975 541 1017 Proxima
574 976 710 1017 hieme
742 976 785 1017 in
803 977 1093 1019 universitatis
1118 978 1354 1019 Bonnensis
1379 993 1598 1034 program-

196 1058 308 1093 mate
330 1051 531 1104 (Natalic.
564 1053 757 1108 imperat.
783 1068 821 1096 a.
851 1054 977 1106 1898)
999 1054 1210 1096 Antonius
1233 1055 1350 1096 Elter
1375 1070 1429 1096 ex
1453 1055 1602 1097 codice

194 1129 451 1170 Taurinensi
477 1128 583 1171 duos
607 1129 741 1171 edidit
774 1130 968 1184 dialogos
991 1130 1063 1186 qui
1092 1131 1383 1173 inscribuntur
1418 1132 1600 1175 'lc-›otwou

193 1215 260 1250 τοῦ
295 1207 527 1263 Καπραρίου
560 1209 803 1264 Ἐρμὸδοτος
836 1209 861 1265 ἠ
895 1213 980 1264 περὶ
1011 1212 1189 1258 κάλλους
1223 1214 1261 1249 et
1295 1209 1539 1266 Μουσοκλῆς
1573 1211 1598 1267 ἡ

195 1288 280 1340 περὶ
303 1285 465 1340 ἀρίστου
483 1287 583 1339 βίου.
611 1283 677 1324 Ex
695 1283 836 1325 multis
852 1284 1198 1326 adnotationibus
1220 1284 1394 1326 editioni
1410 1284 1600 1335 adiectis,

193 1360 303 1402 ultro
338 1366 519 1415 apparet
542 1360 730 1416 aliquam
755 1360 963 1402 rationem
987 1361 1190 1402 interesse
1215 1362 1322 1402 inter
1345 1361 1596 1416 scriptorem

194 1437 461 1492 dialogorum
481 1444 522 1478 et
534 1437 787 1492 Lucianum‚
811 1437 1134 1479 celeberrimum
1160 1438 1332 1479 alterius
1351 1443 1444 1492 post
1458 1437 1599 1479 Chris-

192 1522 279 1557 tum
299 1514 473 1557 saeculi.
507 1514 585 1555 His
609 1515 817 1570 exemplis
841 1513 1004 1556 collatis
1027 1515 1191 1556 etiamsi
1216 1514 1391 1556 dubium
1415 1529 1498 1555 non
1523 1520 1597 1568 est,

193 1592 295 1648 quin
329 1592 515 1647 scriptor
533 1591 715 1633 Luciani
749 1591 880 1633 libros
914 1592 1067 1644 legerit
1099 1598 1139 1632 et
1167 1597 1334 1633 secutus
1358 1591 1424 1644 sit,
1457 1596 1597 1632 tamen

193 1683 300 1724 opus
332 1669 412 1710 erit
445 1668 628 1724 primum
662 1668 804 1710 omnia
828 1668 1072 1710 Lucianeae
1105 1668 1296 1709 lectionis
1330 1667 1512 1721 vestigia
1544 1682 1598 1707 ex

193 1744 379 1800 dialogis
401 1760 649 1800 congerere,
682 1751 729 1787 ut
752 1746 994 1787 accuratius
1018 1744 1174 1786 deinde
1198 1744 1441 1799 perspicere
1467 1743 1598 1798 possi-

193 1837 299 1874 mus,
347 1837 434 1878 qua
472 1822 639 1863 ratione
673 1821 854 1863 Luciani
894 1821 1013 1862 libris
1053 1836 1154 1862 usus
1186 1821 1251 1862 sit.
1314 1820 1463 1875 Neque
1496 1819 1598 1860 talia

193 1899 432 1955 disquirere
456 1899 496 1940 in
531 1899 739 1954 scriptore
763 1898 961 1954 quamvis
994 1912 1145 1953 parum
1177 1897 1346 1951 cognito
1371 1903 1444 1938 aut
1476 1910 1596 1951 prae-

193 1976 310 2018 claro
353 1975 502 2018 inutile
537 1990 629 2017 esse
670 1975 899 2016 videbitur.
962 1975 1073 2016 Nam
1105 1974 1185 2016 hac
1217 1989 1262 2015 re
1300 1973 1481 2029 primum
1514 1973 1596 2013 for-

191 2059 305 2095 tasse
349 2068 432 2094 non
473 2052 576 2094 nihil
621 2052 803 2094 efficitur
842 2051 897 2093 ad
937 2051 1130 2105 dialogos
1171 2051 1284 2106 ipsos
1317 2048 1596 2105 explicandos

191 2138 234 2172 et
257 2130 312 2172 ad
335 2136 535 2173 naturam
558 2130 779 2185 scriptoris
803 2143 1023 2184 genusque
1042 2127 1400 2182 cognoscendum.
1426 2126 1478 2167 Et
1501 2132 1597 2166 sunt

190 2222 237 2249 re
271 2223 374 2249 vera
397 2206 530 2249 multa
563 2207 604 2248 in
630 2206 825 2260 dialogis,
858 2221 968 2262 quae
993 2211 1036 2247 ut
1059 2204 1343 2260 explanentur
1367 2201 1593 2258 postulant.

191 2284 341 2341 Neque
374 2285 488 2326 enim
521 2290 699 2335 constat,
732 2284 826 2339 quis
860 2289 931 2324 aut
954 2281 1092 2338 qualis
1125 2281 1176 2322 sit
1194 2280 1375 2335 scriptor
1408 2278 1489 2332 illo,
1523 2278 1594 2333 qui

191 2362 233 2403 in
257 2361 407 2403 codice
431 2360 689 2404 Taurinensi
719 2360 838 2402 audit
861 2360 1044 2401 Ioannes
1068 2357 1307 2410 Katrarius‚
1342 2370 1477 2411 neque
1510 2370 1594 2410 qua

191 2445 332 2481 aetate
364 2438 513 2495 scripti
546 2439 628 2480 sint
663 2436 822 2493 dialogi
856 2441 1118 2492 compertum
1153 2434 1370 2476 habemus.
1414 2431 1593 2473 Accedit

191 2516 305 2572 quod
323 2516 475 2558 eodem
498 2515 648 2557 codice
672 2513 929 2556 Taurinensi
951 2512 1192 2554 continetur
1215 2510 1360 2552 tertius
1385 2509 1592 2561 dialogus,

191 2594 263 2650 qui
289 2593 537 2635 inscribitur
549 2594 781 2650 Ἕρμιππος
806 2593 830 2650 ἢ
850 2595 934 2647 περὶ
954 2592 1229 2646 ἀστρολογίας,
1265 2601 1389 2642 quem
1411 2586 1591 2641 primum

192 2669 325 2713 Bloch
350 2670 547 2713 Havniae
581 2684 620 2711 a.
660 2669 771 2711 1830
803 2675 843 2709 ct
877 2681 1012 2722 nuper
1045 2665 1099 2706 ad
1132 2664 1259 2705 fidem
1293 2662 1452 2704 codicis
1477 2661 1591 2702 Vati-

191 2747 288 2789 cani
321 2757 452 2802 (saeC.
481 2746 608 2802 XIV)
643 2745 765 2787 Kroll
798 2752 838 2786 et
861 2742 1048 2784 Viereck
1081 2741 1253 2796 Lipsiae
1287 2754 1325 2781 a.
1364 2739 1472 2781 1895
1506 2737 1591 2779 edi-

191 2824 359 2868 derant.
395 2825 537 2880 Atque
561 2838 657 2865 cum
691 2838 716 2864 a
751 2821 926 2863 librario
961 2818 1121 2865 codicis
1144 2815 1422 2858 Taurinensis
1455 2814 1592 2855 cidem

191 2900 396 2943 Katrario
441 2900 704 2955 Hermippus
748 2897 945 2952 dialogus
985 2894 1256 2946 attribuatur,
1305 2892 1339 2933 si
1384 2891 1510 2932 etiam
1550 2890 1591 2930 in

191 2977 271 3022 hoc
305 2977 477 3032 dialogo
511 2976 695 3032 vestigia
725 2974 943 3017 Lucianea
975 2972 1112 3014 inesse
1145 2967 1589 3021 demonstraverimus,
