1909 3258
866 201 920 245 19

181 323 264 364 τοῖς
310 313 405 373 ὑπὲρ
455 322 524 376 τὴν
575 322 744 377 σελήνην
781 319 1020 375 ἐπεβάτευον
1055 326 1136 371 καὶ,
1173 353 1180 363 .
1217 354 1223 361 .
1261 354 1269 364 .
1303 324 1477 379 ἀστέρων
1511 357 1517 364 .
1553 357 1560 364 .

183 397 365 452 μεγέθη.
400 428 408 436 .
443 429 450 436 .
484 397 690 452 διεξῄεσαν
721 400 807 439 κτλ.

326 469 420 511 Hae
471 472 705 513 sententiae
750 478 860 514 totae
910 488 962 514 ex
1011 473 1202 516 Luciano
1250 458 1417 530 sumpte}
1464 482 1579 519 sunt:

183 544 268 601 Hp.
308 547 374 600 ]‚4
413 561 474 602 sq.
510 549 644 598 ὁποῖος
684 550 730 593 ἐκ
768 560 844 593 τῶν
882 554 1009 605 λόγων
1056 553 1254 610 ἀναφαίνῃ
1288 552 1341 594 cf.
1375 552 1483 593 Tox.
1526 553 1581 593 63

183 622 265 671 οἷος
301 655 309 665 .
345 655 352 663 .
389 656 397 664 .
432 627 478 666 σὺ
505 626 692 684 διεφάνης
726 630 802 670 ἀπὸ
847 637 922 670 τῶν
955 631 1094 681 λόγων.
1128 653 1183 658 -
1215 627 1300 682 Hp.
1335 629 1373 681 2,
1408 633 1433 672 3
1465 628 1506 670 εὖ
1539 646 1580 682 γε

183 699 313 757 ἐκείνη
360 708 531 744 ποιοῦσα
578 702 711 742 verbo
759 703 926 745 omisso.
968 704 1020 745 cf.
1061 704 1173 744 Dial.
1215 704 1330 744 deor.
1374 705 1486 757 23,2.
1531 731 1579 736 -

184 775 268 831 Hp.
318 778 386 831 2,5
434 778 511 832 ἐγὼ
559 780 600 820 δὲ
644 784 714 836 τὴν
747 811 754 819 .
791 811 799 821 .
834 812 843 821 .
885 782 1001 828 δόξαν
1048 781 1272 837 ἐπεθυμουν
1313 782 1483 823 ἀκοῦσαι
1531 781 1585 823 ef.

187 852 240 895 V.
274 853 328 893 H.
363 855 466 909 2,2Ο
497 859 565 898 καὶ
598 861 675 913 μην
708 857 868 899 κάκεῖνο
901 857 1125 913 ἐπεθυμουν
1158 857 1300 901 εἰδέναι
1324 857 1395 910 (ef.
1419 857 1582 901 Anach.

192 929 274 986 18).
302 957 351 961 —
377 930 462 985 Hp.
490 932 589 984 33,2
620 936 688 975 καὶ
711 938 800 990 μην,
834 933 1093 990 ὡἽῧρμιππε,
1125 938 1174 976 τὰ
1207 939 1277 991 μὲν
1310 935 1418 976 ἄλλα
1449 937 1586 982 καλῶς

186 1010 256 1050 καὶ
288 1007 342 1056 ὡς
376 1006 448 1050 οὐκ
481 1008 606 1066 ἐχρῆν
640 1010 776 1058 ἄλλως
821 1012 988 1067 διῆλθες
1021 1011 1073 1050 cf.
1111 1010 1220 1051 Piso.
1256 1010 1309 1051 28
1344 1010 1384 1052 εὖ
1417 1028 1457 1064 γε
1491 1009 1585 1066 ὑπὲρ

186 1084 368 1126 ἁπάντων
400 1087 539 1133 καλῶς
573 1085 701 1128 ὁπόσα
744 1086 867 1143 ἐχρῆν
906 1088 1084 1144 εἴρηκας.
1121 1112 1169 1116 —-
1205 1085 1289 1140 Hp.
1330 1086 1428 1137 33,ss
1475 1094 1586 1129 τοῦτο

185 1162 227 1202 δὲ
271 1159 344 1204 οὒκ
393 1164 603 1218 ἀλλότριον
648 1162 694 1219 ἦν
736 1171 808 1219 τῆς
854 1166 1058 1220 παρουσης
1098 1165 1284 1218 σπουδῆς.
1325 1163 1378 1203 cf.
1421 1162 1527 1205 Hist.
1563 1168 1586 1206 6

183 1243 338 1294 μακρόν
377 1255 417 1280 τε
459 1238 506 1281 ἂν
546 1240 607 1296 εἴη
653 1238 836 1281 ἐπελθεῖν
879 1243 947 1281 καὶ
994 1248 1063 1296 τῆς
1107 1243 1311 1296 παρουσης
1357 1237 1587 1287 ὑποθέσεως

182 1313 256 1358 οὐκ
276 1317 388 1358 ἴδιον.
410 1341 467 1346 -
487 1314 570 1369 Hp.
595 1316 724 1368 4226
748 1321 867 1372 μόνου
889 1316 935 1357 ἂν
958 1316 1030 1359 εἷεν
1052 1316 1194 1358 εἰδέναι
1216 1320 1284 1358 καὶ
1316 1319 1587 1373 φυλάττεσθαι

182 1400 250 1435 τοῦ
284 1400 409 1450 σοφοῦ
459 1392 513 1433 cf.
556 1391 607 1433 V.
642 1391 693 1431 A.
729 1392 783 1432 23
828 1398 946 1448 μόνου
992 1392 1037 1435 ἂν
1079 1394 1139 1450 εἴη
1171 1400 1238 1434 τοῦ
1272 1394 1498 1434 σπουδαίου.
1532 1416 1587 1422 --

183 1467 269 1523 Hp.
304 1469 433 1521 54‚19
466 1478 541 1511 τῶν
574 1472 796 1526 λεγομένων
830 1473 1025 1526 μάρτυρες
1059 1469 1254 1525 ἀξιόχρεῳ
1278 1467 1331 1510 cf.
1355 1467 1453 1522 Jup.
1477 1472 1587 1519 trag.

188 1545 242 1585 lO
273 1546 496 1594 ἀξιόπιστόν
529 1563 590 1588 σοι
624 1551 807 1602 μάρτυρα
838 1550 902 1587 τὸν
922 1545 1110 1602 ΝΟμηρυν
1149 1547 1380 1600 παρέξομαι.
1416 1570 1454 1574 —
1503 1542 1584 1598 Hp.

184 1623 314 1675 &9⁷¹4
346 1628 414 1666 καὶ
459 1629 576 1679 μόνον
614 1626 728 1665 καλῶ
774 1627 896 1680 σοφὸν
934 1626 1001 1664 καὶ
1036 1622 1067 1663 εἰ
1111 1624 1243 1676 βουλει
1283 1624 1499 1679 φιλόσοφον
1533 1619 1586 1660 cf.

183 1698 376 1740 Hermot.
414 1700 466 1741 76
513 1703 728 1758 φιλαλήθη
772 1717 811 1741 τε
853 1702 967 1742 κάλει
1008 1704 1074 1742 τὸν
1112 1706 1284 1741 τοιοῦτον
1317 1731 1325 1739 .
1360 1731 1367 1739 .
1401 1731 1409 1739 .
1441 1701 1509 1739 καὶ
1555 1696 1587 1737 εἰ

184 1779 319 1832 βουλει
351 1780 581 1836 φιλόσοφον.

330 1853 569 1895 Proverbia
621 1853 802 1894 fortasse
859 1852 1085 1906 Hermippi
1143 1851 1326 1905 scriptor
1377 1849 1482 1890 haec
1534 1864 1588 1889 ex

187 1930 382 1972 Luciano
431 1930 602 1986 petivit:
650 1930 735 1984 Hp.
775 1930 875 1983 41,2
904 1938 975 1987 γῆν
1009 1930 1029 1972 ὅ
1065 1945 1183 1987 φασιν
1223 1926 1376 1983 οὐρανῷ
1414 1930 1588 1983 μιγνύναι

191 2008 264 2059 (cf.
299 2007 385 2048 Hd.
424 2009 551 2060 1169)
594 2007 734 2047 Prom.
769 2006 796 2046 9
833 2015 881 2063 τῇ
919 2014 969 2062 γῇ
1006 2010 1070 2048 τὸν
1109 2004 1275 2060 Οὐρανὸν
1313 2005 1588 2060 ἀναμεμῖχθαι

188 2090 229 2126 et
260 2085 362 2137 43‚4
396 2099 457 2140 sq.
491 2083 586 2141 ὑπὲρ
620 2087 669 2126 τὰ
701 2084 935 2140 ἐσκαμμένα
967 2079 1295 2140 πηδᾶν--6311.
1330 2080 1368 2120 ὓ.

330 2161 542 2216 Exempla
576 2176 630 2202 ex
661 2159 838 2201 historia
879 2164 918 2199 et
957 2157 1104 2198 fabula
1139 2156 1400 2197 Graecorum
1439 2154 1589 2195 eadem

192 2239 308 2295 apud
330 2239 574 2281 Lucianum
607 2243 648 2278 et
679 2237 721 2277 in
752 2235 989 2290 Hermippo
1022 2234 1222 2287 leguntur
1253 2231 1378 2275 haec:
1413 2231 1496 2286 Hp.
1523 2231 1589 2283 1‚3

187 2322 229 2361 τὸ
275 2325 344 2361 τοῦ
381 2317 581 2374 Πρωτέως
622 2315 714 2371 παρ’
747 2315 914 2371 Ὁμήρῳ
955 2316 1095 2370 φάσμα
1138 2311 1184 2368 ἦν
1219 2343 1225 2351 .
1260 2342 1268 2350 .
1302 2342 1310 2350 .
1342 2313 1469 2351 πάντα
1513 2311 1587 2362 γὰρ

188 2396 368 2452 ἀτεχνῶς
397 2400 603 2451 γενόμενος
636 2394 721 2441 κτλ,
756 2390 808 2431 cf.
843 2389 927 2430 Hd.
963 2388 1045 2430 937
1070 2387 1124 2427 cf.
1149 2386 1321 2439 Peregr.
1360 2386 1378 2425 1
1414 2383 1507 2426 αὐτὸ
1540 2386 1587 2440 δὴ

188 2473 314 2516 ἐκεῖνο
346 2476 390 2514 τὸ
421 2478 489 2514 τοῦ
512 2471 712 2526 Πρωτέως
735 2468 957 2525 Ὁμηρικοῦ
987 2466 1154 2507 ἔπαθεν·
1189 2462 1343 2505 ἅπαντα
1374 2464 1448 2516 γὰρ
1470 2462 1587 2517 δόξης

187 2549 305 2594 ἕνεκα
336 2555 544 2606 γενόμενος
577 2550 662 2590 κτλ.
695 2544 767 2601 (cf.
802 2543 930 2584 etiam
956 2540 1057 2582 Salt.
1087 2542 1159 2592 193
1192 2536 1304 2579 Dial.
1329 2551 1432 2577 mar.
1456 2536 1515 2588 4.)
1535 2562 1586 2567 —

187 2626 272 2682 Hp.
299 2625 429 2679 66,13
449 2622 698 2668 Aristoteles
729 2629 801 2679 τῆς
824 2622 1063 2679 φιλοσοφίας
1096 2615 1191 2659 αὐτὸ
1222 2620 1266 2658 τὸ
1297 2617 1516 2672 κεφάλαιον
1534 2611 1586 2652 cf.

188 2703 302 2744 Piso.
348 2703 400 2744 14
435 2702 723 2758 Ἀριστοτέλης
768 2702 837 2741 καὶ
877 2697 912 2739 οἱ
959 2696 1078 2737 ἄλλοι
1121 2698 1262 2740 πάντες
1300 2690 1401 2733 αὐτὰ
1447 2692 1494 2747 δὴ
1541 2691 1589 2730 τὰ

190 2783 396 2839 κεφάλαιά
434 2795 502 2836 μοι
539 2787 614 2822 τῶν
648 2779 914 2834 μαθημάτων.
962 2772 1032 2826 (of.
1067 2769 1226 2811 Herod.
1261 2767 1308 2819 83
1349 2765 1495 2822 Scyth.
1530 2765 1587 2816 5).

189 2856 275 2912 Hp.
312 2855 411 2910 71‚8
457 2856 583 2899 ἄδυτα
629 2853 860 2911 Τροφωνίου
903 2849 955 2892 cf.
1000 2847 1204 2903 Necyom.
1244 2845 1299 2885 22
1338 2848 1463 2886 ἐκεῖνο
1496 2874 1504 2883 .
1537 2873 1546 2882 .

188 2934 271 2978 ἐστὶ
300 2936 344 2977 τὸ
376 2931 480 2990 ἱερὸν
509 2931 754 2991 Τροφωνίου.
