1909 3258
443 1001 484 1052 Ι.
525 1002 616 1053 De
653 1002 1047 1056 Hermodoto
1091 1005 1354 1072 dialogo.

314 1137 352 1170 a.
388 1126 444 1176 ne,
478 1127 661 1171 Katrarii
695 1127 948 1173 Hermodoto
981 1129 1025 1173 et
1058 1128 1219 1173 Luciani
1251 1130 1478 1174 AmoribuS.

337 1237 509 1289 Quanto
554 1237 693 1278 studio
728 1237 956 1280 Katrarius
995 1238 1175 1280 Luciani
1216 1239 1409 1293 dialogos
1449 1240 1600 1295 legerit

195 1320 237 1355 et
282 1313 545 1368 exhauserit,
595 1315 828 1370 praecipue
878 1315 919 1356 in
967 1315 1228 1357 Hermodoto
1276 1317 1393 1357 cerni
1441 1323 1598 1372 potest3

194 1397 324 1447 atque
365 1391 476 1433 inter
522 1407 592 1433 eos
638 1391 782 1446 libros,
832 1393 904 1448 qui
951 1392 1134 1434 Luciani
1182 1393 1350 1434 nomine
1390 1397 1598 1447 feruntur,

194 1468 381 1510 maxime
400 1469 667 1524 scriptorem,
687 1484 783 1510 cum
795 1469 1103 1511 Hermodotum
1123 1476 1410 1525 componeret,
1427 1469 1599 1512 adlexe-

193 1552 292 1588 runt
318 1548 511 1589 Amores.
544 1546 754 1588 Nimirum
790 1547 857 1588 liic
881 1546 1078 1600 dialogus
1105 1546 1229 1588 simili
1263 1553 1324 1588 est
1348 1553 1597 1601 argumento

193 1630 321 1679 atquc
354 1623 642 1666 Hermodotus
697 1623 898 1678 quoniam
932 1623 973 1664 in
1006 1631 1186 1679 utroque
1221 1623 1273 1664 dc
1307 1623 1515 1665 amatoria
1552 1638 1598 1664 re

647 1659 656 1679 7

193 1699 349 1754 agitur.
398 1700 520 1753 Quae
553 1700 638 1741 sint
670 1707 709 1741 et
732 1701 939 1742 Amorum
973 1707 1013 1741 et
1044 1699 1297 1742 Hermodoti
1330 1705 1596 1753 argumenta,

192 1777 384 1819 breviter
416 1778 719 1833 perstringam.

334 1872 383 1914 In
430 1872 661 1914 Amoribus
709 1872 902 1930 Lycinus
946 1880 986 1913 et
1025 1872 1331 1913 Theomnestus
1380 1872 1597 1925 finguntur

187 1951 304 1992 inter
326 1965 371 1991 se
400 1950 689 2006 colloquentes
716 1950 768 1990 de
798 1964 942 1991 amore
975 1956 1101 2005 atque
1135 1949 1267 1990 oritur
1290 1948 1595 2000 controversia,

191 2034 332 2070 utrum
366 2028 408 2068 in
450 2042 604 2082 pueros
644 2042 696 2068 an
737 2027 779 2067 in
819 2026 1016 2068 mulieres
1055 2026 1107 2067 sit
1146 2025 1427 2080 praestantior
1460 2039 1592 2067 amor.

192 2105 386 2163 Lycinus
431 2105 542 2146 hanc
587 2104 879 2160 quaestionem
925 2103 1051 2144 facile
1097 2118 1140 2144 se
1186 2102 1424 2143 diiudicare
1472 2116 1594 2155 posse

192 2189 326 2238 putat,
381 2197 477 2224 cum
525 2188 672 2223 narret
725 2186 940 2222 certamen
995 2179 1182 2235 aliquod,
1236 2179 1304 2220 cui
1343 2178 1592 2230 interfuerit,

191 2275 275 2316 quo
309 2260 393 2302 duo
434 2260 560 2302 amici
594 2258 896 2301 Callicratidas
937 2264 976 2298 et
1010 2256 1229 2299 Charicles
1271 2256 1323 2296 de
1356 2255 1504 2296 eadem
1546 2269 1591 2295 re

191 2337 474 2390 certaverint,
498 2336 647 2378 horum
666 2336 847 2377 alterum
870 2335 912 2375 in
931 2349 1098 2389 pueros,
1133 2333 1310 2374 alterum
1334 2333 1374 2373 in
1398 2332 1593 2374 mulieres

191 2414 461 2456 insanivisse.
527 2414 720 2466 Quorum
754 2413 965 2453 orationes
1009 2426 1051 2451 se
1087 2410 1209 2466 quasi
1252 2409 1434 2450 iudicem
1475 2408 1592 2450 audi-

191 2492 327 2545 visse3
361 2491 544 2534 eandem
568 2497 747 2547 partem,
782 2490 882 2531 dum
906 2489 1096 2546 Lycinus
1120 2487 1328 2529 relaturus
1363 2492 1436 2539 est,
1461 2485 1593 2526 Theo-

191 2576 380 2611 mnestus
414 2569 605 2624 suscipit.
647 2567 897 2609 Defendunt
930 2571 1070 2607 autem
1104 2563 1324 2606 Charicles
1358 2562 1593 2615 mulierum,

192 2646 500 2689 Callicratidas
547 2659 776 2701 puerorum
825 2656 1013 2685 amorem
1060 2640 1269 2682 continuis
1315 2639 1591 2694 orationibus,

191 2723 347 2780 quibus
395 2723 589 2781 Lycinus
639 2736 762 2763 suum
813 2719 1015 2761 iudicium
1067 2717 1207 2770 addit,
1262 2730 1357 2757 eum
1406 2714 1592 2756 Charicli

192 2801 465 2854 assentiatur,
488 2800 548 2841 ita
570 2806 615 2841 ut
638 2799 764 2840 etiam
785 2787 1088 2839 Callicratidae
1112 2794 1345 2835 orationem
1368 2791 1592 2832 collaudet.

191 2879 240 2922 In
264 2878 349 2921 fine
372 2877 533 2932 dialogi
549 2876 704 2935 Lycini
728 2874 932 2916 iudicium
955 2887 979 2914 a
997 2871 1277 2912 Theomnesto
1302 2868 1588 2909 confirmatur.
