1909 3258
924 234 979 277 27

253 355 391 389 aetate
429 349 567 390 fuerit.
633 350 716 391 Suo
763 352 873 392 enim
914 352 1002 393 iure
1036 353 1230 395 Erwinus
1264 355 1408 396 Rohde
1452 357 1647 413 (Byzant.

253 423 459 467 Zeitschr.
482 425 520 465 V
544 427 612 476 15)
636 427 970 483 Philopatridem
996 428 1225 485 dialogum,
1249 432 1316 486 qui
1345 432 1451 472 inter
1473 432 1649 474 Luciani

253 500 386 542 libros
428 502 624 557 traditur,
674 503 837 545 decimo
883 505 1049 546 demum
1102 507 1270 548 saeculo
1315 508 1515 562 scriptum
1562 524 1650 549 esse

254 593 381 634 posse
405 579 636 634 contendit,
671 581 770 636 quia
793 581 891 622 inde
920 581 973 622 ab
997 581 1068 623 illa
1092 590 1228 624 aetate
1252 583 1467 625 Lucianus
1500 585 1648 626 iterum

253 655 339 709 legi
374 662 549 711 coeptus
572 663 704 713 esset3
738 657 850 698 idem
874 664 1013 699 autem
1038 659 1152 700 cadit
1185 660 1224 700 in
1261 659 1451 715 dialogos
1476 668 1649 702 nostros.

254 732 427 774 Deinde
459 747 589 788 supra
623 733 843 775 docuimus
870 734 1171 777 Charidemum
1205 737 1273 791 qui
1308 736 1486 778 Luciani
1520 738 1652 778 fertur

255 809 472 863 dialogum
508 824 533 851 a
567 809 768 852 Katrario
808 811 1045 853 adhibitum
1085 826 1174 853 esse
1214 812 1324 854 hausi
1361 812 1481 854 aliter
1526 819 1652 869 atque

254 893 418 928 ceteros
451 886 633 928 Luciani
673 887 878 942 dialogos,
942 888 1040 930 Jam
1074 903 1174 931 vero
1207 873 1425 930 Rothstein
1465 889 1504 930 in
1547 888 1652 930 libro

257 963 537 1005 celeberrimo
562 964 858 1019 ,Quaestiones
883 964 1141 1006 Lucianeae‘
1166 965 1302 1008 Berol.
1331 965 1440 1009 1888
1472 966 1654 1006 ostendit

254 1040 606 1096 Philopatridem,
633 1040 951 1096 Charidemum,
974 1041 1185 1083 Neronem
1211 1040 1404 1095 dialogos
1437 1056 1520 1082 non
1551 1041 1649 1082 mul-

254 1125 343 1160 tum
367 1125 464 1160 ante
488 1118 716 1160 editionem
740 1119 975 1174 principem
999 1120 1041 1160 in
1066 1133 1218 1174 corpus
1249 1118 1451 1160 librorum
1475 1118 1653 1159 Luciani

255 1196 470 1252 irrepsise‚
512 1196 670 1252 quippe
704 1195 775 1252 qui
809 1195 967 1250 dialogi
1002 1195 1055 1237 ab
1089 1194 1282 1236 omnibus
1316 1195 1497 1235 melioris
1530 1200 1653 1235 notae

259 1273 483 1315 codicibus
532 1273 743 1315 abessent.
808 1272 972 1325 Quodsi
1009 1271 1234 1313 Katrarius
1269 1270 1570 1312 Charidemum
1611 1271 1653 1310 in

258 1350 442 1391 Luciani
475 1350 594 1391 libris
617 1349 720 1405 legit
753 1356 794 1391 et
818 1364 918 1391 vere
940 1348 1121 1391 Luciani
1156 1363 1246 1389 esse
1270 1348 1448 1403 putavit,
1480 1347 1654 1387 Hermo-

257 1427 380 1468 dotus
414 1428 598 1482 scriptus
636 1442 719 1468 non
753 1433 827 1481 est,
870 1427 1118 1482 priusquam
1151 1424 1431 1467 Charidemus
1470 1423 1647 1464 Lueiani

257 1519 348 1546 esse
388 1510 564 1560 putatus
598 1510 681 1557 est3
730 1509 825 1559 post
857 1502 1154 1544 duodecimum
1203 1500 1332 1555 igitur
1373 1500 1439 1540 vel
1488 1499 1654 1540 tertium

258 1582 470 1623 decimum
502 1580 720 1623 saeculum
753 1580 1016 1621 deducimur.

377 1658 461 1700 Sed
485 1659 613 1699 etiam
636 1657 721 1699 alia
743 1658 814 1699 via
846 1672 899 1697 ex
921 1656 1153 1697 imitatione
1176 1653 1356 1695 Luciani
1390 1652 1444 1694 ad
1474 1658 1654 1693 aetatem

258 1736 451 1777 Katrarii
490 1734 777 1776 definiendam
811 1733 1038 1789 pervenire
1070 1731 1322 1786 poterimus,
1367 1729 1400 1770 si
1439 1728 1654 1769 historiam

261 1813 501 1855 studiorum
535 1812 848 1853 Lucianeorum
889 1823 1206 1865 persequemur.
1269 1806 1504 1847 Lucianum
1544 1804 1654 1844 enim

260 1889 439 1932 multum
457 1889 612 1931 lectum
636 1904 726 1930 esse
749 1888 817 1928 vel
836 1887 934 1928 inde
958 1891 1152 1941 apparet,
1176 1883 1288 1939 quod
1312 1888 1397 1923 tam
1420 1880 1535 1922 multi
1559 1879 1655 1921 libri

259 1968 297 2008 ei
329 1967 497 2018 dantur,
531 1966 602 2022 qui
635 1980 737 2006 vere
771 1964 858 2005 eius
891 1978 973 2004 non
1007 1964 1154 2013 sunt.1)

400 2043 570 2085 Deinde
619 2042 741 2084 multi
788 2041 1016 2095 scriptores
1064 2036 1245 2078 Luciani
1297 2034 1458 2088 scripta
1504 2031 1654 2072 imitati

259 2128 370 2176 sunt,
395 2135 574 2177 quorum
599 2126 743 2161 tamen
768 2132 889 2159 nemo
908 2115 1088 2157 Luciani
1113 2113 1328 2168 ingenium
1352 2110 1478 2165 plane
1501 2107 1654 2161 attigit,

259 2199 463 2255 quoniam
511 2198 683 2239 labente
728 2196 961 2236 litterarum
995 2197 1132 2234 aetate
1175 2187 1431 2230 scribebant.
1493 2183 1654 2225 Imitari

261 2277 373 2317 enim
406 2281 640 2331 coeperunt
662 2273 903 2315 Lueianum
935 2269 1034 2311 inde
1068 2284 1093 2310 a
1124 2265 1293 2308 saeculo
1318 2263 1496 2315 decimo,
1530 2266 1655 2315 atque

261 2353 424 2408 duplex
458 2351 639 2394 Luciani
684 2348 879 2391 imitandi
920 2359 1054 2401 genus
1097 2342 1307 2399 apparuit.
1371 2339 1558 2380 Primum
1595 2336 1655 2376 ita

260 2430 414 2472 imitati
446 2435 556 2484 sunt,
603 2435 648 2470 ut
681 2425 870 2480 singulas
904 2421 1133 2464 sententias
1166 2426 1205 2460 et
1237 2415 1404 2471 singula
1436 2413 1568 2454 verba
1601 2426 1655 2452 ex

261 2508 456 2549 Luciano
479 2510 707 2558 sumerent,
741 2503 859 2545 cuius
894 2500 1062 2554 generis
1095 2505 1192 2538 sunt
1215 2492 1483 2547 Philopatris‚
1517 2488 1654 2544 quode

262 2599 395 2640 supra
418 2584 577 2624 dictum
611 2586 722 2637 est2),
757 2581 1012 2635 Φλωρέντιος
1031 2577 1056 2633 ἢ
1078 2578 1163 2629 περὶ
1202 2575 1438 2630 φιλοσοφίας
1462 2565 1654 2617 dialogus

404 2682 428 2720 ¹)
456 2678 512 2714 Cf.
540 2679 588 2712 de
615 2678 723 2712 libris
750 2673 967 2710 subditieiis
994 2669 1161 2704 Luciani
1189 2676 1292 2711 quae
1320 2663 1518 2698 Fritzsehe
1545 2670 1654 2704 prae-

263 2740 368 2774 satus
387 2742 448 2773 est
466 2738 517 2772 ad
536 2737 749 2772 editionem
768 2732 934 2767 Luciani
962 2734 999 2764 et
1026 2728 1320 2773 programmata
1348 2731 1450 2766 quae
1471 2720 1504 2755 J.
1527 2719 1654 2754 Bieler

264 2799 313 2833 de
340 2798 414 2833 hac
439 2808 483 2832 re
510 2797 674 2841 scripsit.

405 2858 433 2899 2)
460 2856 697 2902 Nuperrime
736 2853 783 2886 de
822 2851 893 2884 hoe
921 2847 1078 2890 dialogo
1117 2842 1271 2887 scripsit
1309 2844 1347 2874 et
1385 2840 1515 2874 omnia
1553 2846 1656 2881 quae

264 2921 384 2952 antea
411 2917 558 2960 scripta
585 2918 697 2949 erant
724 2909 923 2955 congessit
941 2906 976 2942 J.
995 2904 1112 2942 Stach
1136 2903 1190 2938 De
1210 2898 1485 2945 Philopatride.
1515 2896 1652 2931 Craeo-

263 2978 393 3013 viciae
420 2975 521 3011 1897.
