1909 3258
833 497 878 551 'V
901 497 929 549 I
957 496 999 549 T
1026 497 1093 550 A.

406 652 540 694 Natus
574 667 665 694 sum
700 651 957 692 Franciscus
991 648 1284 692 Sehumacher
1317 649 1521 691 Coloniae
1555 663 1594 692 a.
1626 648 1666 692 h.

262 746 293 771 s.
336 729 527 770 LXXIV
575 729 616 770 d.
665 728 821 769 XXIX
869 743 922 770 m.
968 727 1220 768 Dezembris
1273 733 1393 781 patre
1444 725 1666 767 Friderico

265 806 489 858 (iuilclmo,
534 820 656 860 qucm
700 805 971 860 superstitem
1012 819 1104 845 csse
1145 803 1328 858 gaudeo,
1370 810 1504 844 matre
1537 803 1666 844 Anna

261 882 411 935 Maria,
445 897 573 937 quam
605 889 702 923 anto
737 881 810 922 hos
839 882 1025 937 quinque
1059 895 1194 922 annos
1227 879 1327 921 mihi
1350 886 1539 934 ereptam
1575 894 1666 921 esse

263 958 388 999 valde
423 958 557 1001 doleo.
615 958 767 998 Primis
802 957 1035 999 litterarum
1070 956 1288 998 elementis
1322 956 1510 998 imbutus
1544 971 1665 1013 gym-

265 1035 425 1075 nas-ium
452 1035 552 1087 adii,
587 1035 699 1090 quod
726 1034 866 1076 adhuc
891 1034 1071 1076 Oscario
1095 1033 1255 1089 Jacger
1278 1040 1442 1074 rectore
1462 1033 1665 1075 Coloniae

262 1111 394 1152 tlon-ut.
460 1111 568 1152 Vere
602 1127 638 1153 a.
674 1111 818 1153 XCIV
853 1111 1092 1152 testimonio
1138 1110 1394 1152 maturitatis
1436 1110 1665 1151 instructus

265 1202 337 1241 per
372 1187 434 1228 bis
467 1203 589 1228 senos
620 1203 784 1229 menses
819 1188 858 1228 in
894 1187 974 1229 liac
998 1188 1258 1229 unversitatc
1282 1186 1518 1228 litterarum
1543 1202 1663 1240 grac-

261 1279 406 1304 carum
455 1271 495 1304 ct
535 1264 762 1306 latinarum
812 1265 952 1305 studio
990 1265 1160 1307 vacavi.
1227 1264 1337 1305 Vere
1370 1280 1408 1306 a.
1443 1263 1567 1306 XCV
1608 1263 1664 1305 ad

261 1340 539 1381 Academiam
597 1341 976 1382 Illonasteriensem
1031 1356 1095 1382 mc
1142 1341 1316 1394 contuli,
1361 1340 1475 1382 unde
1523 1346 1664 1382 tamen

262 1424 353 1470 post
376 1432 449 1457 sex
475 1432 639 1458 menses
663 1418 716 1458 ad
743 1417 853 1459 hanc
876 1419 1198 1459 universitatem
1222 1418 1344 1471 redii,
1379 1418 1498 1459 cuius
1522 1417 1663 1459 adhuc

261 1493 366 1534 civis
411 1509 515 1534 sum.
580 1494 831 1535 Docucrunt
877 1510 941 1536 me
986 1510 1024 1537 v,
1060 1495 1100 1537 (1.
1136 1495 1361 1537 Andrcsen
1404 1495 1662 1549 Hagcmann

263 1569 415 1610 Hosius
442 1570 618 1622 Langen
645 1575 671 1623 -ξ-
705 1571 823 1612 Stahl
857 1572 1226 1627 monasterienses,
1254 1571 1485 1615 Buecheler
1510 1570 1664 1612 Brink-

261 1662 381 1688 mann
432 1647 544 1688 lsslter
578 1648 774 1689 Focrster
814 1649 950 1690 Koser
990 1649 1213 1690 Litzmann
1259 1648 1508 1690 Loeschckc
1549 1647 1661 1690 Neu-

263 1723 438 1763 naeus-01·
471 1724 622 1765 Nissen
658 1724 848 1766 Solmscn
887 1725 1050 1767 Usener
1084 1726 1346 1768 Bonncnses.
1411 1724 1662 1767 Buecheleri

263 1800 389 1841 lenm-i
424 1802 613 1842 Uscncri'
641 1802 940 1844 benovolentia
974 1803 1073 1844 mihi
1122 1803 1316 1858 contigit,
1364 1812 1409 1844 ut
1457 1803 1498 1844 in
1539 1803 1660 1845 semi—

261 1879 422 1920 narium
466 1879 608 1934 philol.
642 1880 777 1920 Bonn.
815 1880 1041 1934 reciperer,
1082 1880 1202 1921 cuius
1235 1894 1313 1935 per
1352 1885 1501 1935 quater
1536 1894 1660 1920 senos

261 1970 422 1995 mensos
455 1955 613 1996 sodalis
647 1956 888 1997 ordinarius
921 1957 995 1998 fui.
1021 1956 1415 1998 Exercitationibus
1450 1955 1661 1997 historicis

259 2031 310 2071 ‹l‹¹
337 2031 490 2073 Bozold
516 2032 677 2074 Monzel
703 2036 729 2084 -ῐ-
753 2032 918 2086 Nissen,
941 2033 1234 2085 grammaticis
1259 2033 1509 2087 Buecheler,
1530 2032 1662 2088 philo-

260 2107 401 2162 sophis
436 2109 605 2149 anler
649 2115 689 2149 et
723 2109 999 2151 Neuliaeuser
1039 2110 1223 2163 benigne
1272 2125 1337 2151 me
1383 2109 1661 2153 admiserunt.

260 2185 424 2235 Quibus
451 2185 549 2225 viris
583 2201 676 2226 vum
712 2187 906 2227 omnibus
930 2187 1113 2238 gratiam
1148 2187 1284 2228 habeo
1318 2188 1549 2228 maximam
1574 2193 1662 2228 tum

262 2260 413 2307 lCltvro,
448 2276 531 2315 qua
556 2261 854 2304 benevolentia
878 2278 942 2303 me
965 2270 1006 2303 ct
1029 2278 1197 2318 semper
1220 2270 1259 2304 et
1295 2264 1334 2304 in
1359 2264 1660 2305 dissertatione

259 2337 309 2375 ‹lu
345 2336 545 2377 Katrario
580 2339 875 2393 oonnponemla
909 2339 1086 2380 adiuvit.
