1909 3258
940 178 998 220 20

429 301 517 343 Hos
533 307 749 356 poetarum
768 297 879 338 locos
895 303 934 337 et
957 294 1174 337 Lucianus
1192 299 1232 334 et
1254 290 1479 347 Hermippi
1502 291 1687 347 scriptor

282 378 450 418 eosdem
486 376 637 429 attigit,
670 374 822 429 quibus
849 372 964 424 locis,
998 371 1077 412 nisi
1112 371 1196 411 iam
1220 368 1445 423 Hermippi
1480 367 1684 423 scriptori

287 453 462 495 [maiani
497 451 688 506 dialogos
721 450 912 504 cognitos
946 462 1036 488 esse
1060 451 1288 499 constaret,
1321 443 1425 485 nihil
1457 457 1563 486 sane
1595 443 1683 485 effi-

283 537 462 582 ceretur,
496 528 693 584 quoniam
713 526 835 566 nimis
869 525 953 565 triti
977 530 1085 565 sunt,
1121 522 1176 564 Hi
1209 527 1307 563 sunt
1328 519 1429 563 loci:
1463 519 1548 576 Hp.
1583 519 1683 575 33,9

282 609 311 649 εἰ
344 609 383 648 δὲ
409 609 542 653 θέλεῑτ
574 609 640 647 καὶ
661 611 783 646 ταῦτα
805 605 998 659 δαήμεναι
1030 601 1119 658 ὄφρ’
1150 598 1192 641 εὖ
1218 599 1327 655 εἰδῇς
1359 596 1502 652 (Hom.
1527 595 1562 637 Z
1586 597 1682 649 150)

282 686 333 722 vl.
368 681 519 724 Sacris.
558 682 620 721 14.
662 706 710 710 —
751 678 834 733 Hp.
868 679 992 731 5:3‚11
1029 675 1118 720 οὐδὲ
1150 679 1256 719 κατὰ
1285 679 1352 718 τὸν
1382 677 1549 732 ποιητὴν
1582 705 1592 714 .
1626 705 1636 714 .

285 761 468 814 ἄσπαρτα
506 762 572 800 καὶ
613 758 787 814 ἀνήροτα
824 760 949 798 πάντα
991 758 1126 812 χώεται
1159 751 1301 806 (Hom.
1336 751 1357 792 I
1394 751 1476 793 109
1509 751 1541 792 Ω
1578 750 1680 804 118)

282 835 335 876 cf.
384 833 512 874 Mero.
536 831 659 874 cond.
691 835 737 883 33
772 830 892 875 Rhet.
918 844 1059 885 praec.
1084 830 1129 881 ὃς
1162 827 1251 870 Sat.
1279 829 1316 882 7,
1340 828 1419 880 ‘203
1451 826 1683 882 multisque

282 917 321 950 st
355 909 531 950 Luciani
565 915 604 949 et
636 907 814 948 aliorum
846 906 948 947 locis
980 905 1093 947 idem
1127 918 1275 946 versus
1308 904 1480 959 legitur.

424 1038 544 1079 Haec
578 1035 787 1091 exempla,
834 1051 943 1092 quae
977 1050 1031 1076 ex
1062 1034 1245 1076 Luciani
1286 1032 1469 1088 dialogis
1502 1032 1559 1075 ad
1592 1032 1682 1075 dia-

285 1115 401 1165 logos
425 1113 663 1155 Lucianeos
686 1111 1027 1168 comprobandos
1060 1126 1142 1152 non
1176 1111 1267 1152 sine
1289 1109 1437 1152 labore
1469 1109 1682 1166 congessi,

282 1190 506 1243 sufficiant,
539 1196 584 1230 ut
617 1205 725 1245 quae
759 1188 873 1231 volui
908 1188 1101 1230 doceam.
1153 1187 1345 1229 Maxime
1378 1192 1519 1229 autem
1552 1201 1605 1228 ea
1633 1201 1682 1229 re

284 1266 540 1322 Hermippus
564 1265 773 1321 dialogus,
808 1265 859 1306 de
889 1280 971 1321 quo
1006 1265 1147 1307 adhue
1169 1264 1373 1320 temporis
1395 1263 1500 1305 nihil
1523 1263 1682 1306 certius

284 1342 518 1395 constabat,
551 1349 664 1384 (terto
689 1342 956 1396 dialogorum
985 1341 1124 1384 ordini
1148 1342 1360 1384 inseritur.
1395 1341 1539 1398 Atque
1571 1340 1606 1382 si
1637 1340 1683 1382 in

284 1419 420 1473 capite
454 1419 688 1474 insequenti
714 1419 909 1460 dictionis
932 1418 1177 1460 Lucianeae
1200 1418 1537 1473 singularitates,
1571 1431 1683 1474 quae

284 1494 322 1534 in
369 1494 548 1548 dialogis
597 1495 877 1550 reperiantur,
930 1494 1193 1549 colligemus,
1246 1500 1389 1536 nostro
1430 1495 1521 1536 iure
1553 1493 1682 1535 etiam

284 1570 562 1625 Hermippum
596 1572 873 1613 conferemus.

352 1771 453 1822 IV.
493 1772 583 1822 De
620 1772 900 1824 Katrarii
929 1773 1206 1825 dictione
1233 1774 1565 1828 Lucianea.
1579 1773 1611 1831 ¹)

426 1910 656 1966 Exemplis,
690 1927 798 1967 quae
831 1913 871 1953 in
905 1913 984 1954 hoc
1016 1914 1156 1970 capite
1184 1914 1405 1957 adlaturus
1437 1929 1544 1972 sum,
1577 1914 1683 1957 nihil

285 1992 395 2026 certe
429 1987 682 2041 efficeretur,
716 1988 794 2029 nisi
829 1989 910 2030 iam
945 1990 1271 2045 comprobatum
1304 1997 1416 2034 esset
1439 1991 1681 2035 Lucianum

287 2063 438 2102 fontem
473 2078 562 2103 osso
596 2064 875 2118 dialogorum.
920 2066 1126 2120 Congessi
1161 2068 1272 2109 enim
1305 2069 1433 2110 etiam
1466 2069 1560 2111 illas
1592 2069 1682 2112 dic-

285 2138 407 2177 tionis
451 2139 767 2190 singularitates
800 2142 996 2197 minores,
1045 2158 1152 2200 quas
1186 2145 1226 2185 in
1261 2144 1356 2186 aliis
1394 2145 1680 2201 scriptoribus

289 2222 453 2267 praeter
486 2214 720 2257 Lucianum
754 2217 835 2272 legi
870 2233 951 2259 non
986 2234 1110 2274 nego,
1151 2235 1257 2276 quas
1290 2228 1444 2274 tamen,
1477 2223 1681 2279 quoniam

286 2290 337 2330 «le
362 2289 548 2331 aniano
582 2293 900 2335 fontoKatrarii
934 2310 1015 2336 non
1052 2296 1134 2338 iam
1160 2297 1393 2352 dubitatur,
1426 2299 1544 2355 ipsas
1576 2315 1679 2358 quo-

286 2380 364 2419 quo
397 2381 449 2406 (εκ
477 2366 662 2408 Lucieno
697 2370 848 2423 petitas
881 2386 971 2412 esse
987 2372 1214 2414 verisimile
1247 2380 1322 2416 est.
1357 2375 1499 2432 Atque
1522 2377 1565 2418 in
1597 2376 1679 2420 hoo

287 2441 422 2494 cupite
447 2443 623 2496 primum
658 2444 847 2487 adseram
871 2447 1147 2490 formularum
1180 2455 1223 2491 et
1254 2452 1553 2495 transitionum
1584 2453 1678 2496 rhe-

287 2517 511 2558 toricarum
537 2520 684 2561 mirum
708 2536 982 2576 consensuum
1014 2531 1142 2580 atque
1166 2525 1272 2567 haec
1296 2527 1439 2570 inveni
1462 2529 1675 2586 exempla.

427 2593 510 2636 lld.
542 2596 625 2637 4022
658 2611 718 2652 sq.
752 2602 842 2648 τοὺς
874 2604 948 2656 γὰρ
973 2633 981 2641 .
1007 2634 1015 2643 .
1041 2634 1049 2643 .
1081 2607 1116 2645 τί
1149 2603 1196 2646 ἄν
1226 2620 1288 2648 σοι
1320 2608 1476 2664 λέγοιμι
1499 2606 1572 2661 (of.
1605 2607 1676 2650 51.

295 2670 382 2709 10⁰.
417 2672 511 2711 8:22.
546 2674 641 2713 tolo.
677 2674 783 2717 Mus.
816 2677 917 2729 247)
951 2678 1005 2719 cf.
1054 2678 1163 2721 Tox.
1200 2682 1253 2723 19
1274 2687 1342 2725 καὶ
1373 2686 1510 2741 τὰμὲν
1541 2687 1677 2728 πολλὰ

427 2764 453 2803 ¹)
481 2763 536 2796 D«-
567 2765 726 2801 Lucinni
749 2769 916 2804 dictione
943 2773 992 2806 cs.
1020 2772 1078 2807 De
1105 2773 1241 2809 Mesnil
1258 2774 1527 2813 Grammatiea
1554 2788 1676 2824 quam

291 2819 485 2854 burianum
526 2824 561 2856 in
590 2826 741 2868 scriptia
776 2829 857 2862 suis
889 2835 1049 2865 secutus
1087 2833 1137 2867 sit
1163 2835 1262 2868 ratio
1302 2845 1391 2870 cum
1419 2838 1675 2883 antiquorum

290 2879 502 2913 Atticorum
531 2884 677 2916 ration«-
705 2892 964 2930 compnretnr.
992 2889 1091 2925 1867.
1133 2891 1190 2927 W.
1217 2891 1385 2929 Schmid.
1412 2895 1491 2932 Der
1517 2897 1674 2933 Atticis·

289 2946 372 2969 mus
400 2937 437 2970 in
464 2940 596 2974 sennen
625 2941 987 2987 linuptvertretern.
1014 2948 1027 2982 1
1058 2948 1127 2984 216
1153 2960 1209 2996 sq.
