1909 3258
918 250 974 292 25

393 367 476 422 Hp.
511 368 580 420 62,
612 368 667 408 25
700 369 754 418 ὡς
787 371 864 412 ἀπὸ
897 381 1085 428 μηχανῆς
1119 376 1212 414 θεὸν
1255 372 1306 412 cf.
1356 372 1540 413 Hermot.
1577 374 1644 423 86,

252 442 439 498 Philops.
474 443 543 485 29.

394 530 479 585 Hp.
515 532 643 584 (523,14
676 539 831 576 πάντων
856 537 897 576 δὲ
932 537 1179 578 ἀτοπώτατον
1213 536 1268 576 ib.
1294 537 1362 589 52,
1402 539 1450 576 15»
1483 543 1549 580 καὶ
1582 538 1648 580 οἷ)-

253 611 316 651 &ev
346 611 443 657 ἴσως
478 610 622 651 ἄτοπον
656 610 707 649 cf.
743 609 947 666 Necyom.
981 612 1008 651 4
1040 616 1106 654 καὶ
1138 617 1180 654 τὸ
1214 618 1364 655 πάντων
1388 614 1648 657 ἀτοπώτατον.

255 684 454 726 Pseudol.
489 685 542 726 27
578 685 688 728 οὐδὲν
722 688 881 731 ἄτοπον.

396 773 479 828 Hp.
514 774 637 827 136,11
676 776 774 832 ἀνὴρ
797 784 862 819 τοῦ
894 781 1035 825 παντὸς
1060 778 1112 819 ὢν
1136 778 1222 833 ἐμοί
1248 795 1287 830 γε
1313 779 1419 826 ἄξιος
1454 779 1505 818 ct.
1541 777 1647 818 Hist.

254 851 311 892 34
343 854 498 907 μᾶλλον
531 853 571 892 δὲ
605 860 670 894 τοὺ
705 857 847 900 παντὸς
881 853 926 909 ἦν
960 854 1080 900 ἄξιον.

396 938 481 994 Hp.
516 940 643 991 6024
676 940 882 989 ἐνδοιάσας
915 942 1037 998 μηδὲν
1070 940 1121 982 cf.
1157 939 1345 981 Hermot.
1382 941 1448 982 28.

368 1166 440 1217 V.
481 1166 570 1217 De
607 1180 834 1232 genere
873 1173 928 1214 et
967 1167 1178 1216 aetate
1214 1165 1536 1230 scriptoris

752 1254 1157 1320 dialogorum.

402 1396 467 1437 Ex
501 1396 550 1436 iis
583 1409 694 1450 quae
728 1394 907 1448 exposui
947 1393 1039 1434 luce
1073 1393 1229 1434 clarius
1267 1401 1448 1448 apparet
1480 1391 1655 1432 Hermo-

257 1474 403 1515 dotum
449 1472 665 1527 dialogum
713 1478 930 1526 tamquam
981 1469 1246 1511 Lucianeum
1295 1484 1386 1510 esse
1429 1483 1567 1523 neque
1614 1469 1654 1508 in

259 1550 452 1592 Musoele
485 1555 528 1590 et
560 1549 796 1603 Hermippo
843 1547 990 1588 deesse
1024 1546 1203 1587 Luciani
1238 1545 1436 1598 vestigia.
1500 1544 1655 1596 Quam-

258 1641 386 1684 quam
420 1633 562 1668 autem
595 1626 719 1666 nimis
752 1623 961 1665 serviliter
983 1622 1220 1664 Lucianum
1253 1622 1434 1676 scriptor
1467 1621 1653 1661 imitatus

259 1720 351 1746 esse
386 1704 569 1755 videtur,
603 1709 743 1743 tamen
780 1707 819 1742 et
852 1716 905 1741 ex
937 1714 1011 1741 suo
1046 1699 1216 1753 ingenio
1250 1697 1458 1739 nonnihil
1492 1696 1659 1738 addidit

259 1789 300 1823 et
322 1789 548 1837 praeterea
572 1779 674 1820 alios
699 1778 963 1820 Graecorum
982 1775 1209 1830 seriptnres
1229 1781 1399 1830 praeter
1420 1773 1657 1814 Lucianum

260 1859 379 1901 adiit.
444 1858 633 1898 Primum
681 1856 793 1896 enim
831 1855 968 1909 ipsam
1002 1853 1182 1894 formam
1220 1849 1483 1902 Hermodoti‚
1531 1863 1659 1904 quam

260 1952 316 1978 ex
362 1934 594 1976 Amoribus
639 1939 850 1987 sumptam
900 1945 991 1971 esse
1032 1929 1230 1980 vidimus,
1277 1926 1564 1982 amplificavit,
1618 1925 1659 1965 in

260 2012 450 2055 Musocle
480 2018 620 2053 autem
650 2017 690 2051 et
712 2008 947 2063 Hermippo
982 2006 1163 2060 dialogis
1199 2002 1502 2059 componendis
1524 2002 1660 2042 forma

261 2090 366 2133 certi
408 2088 588 2131 alicuius
636 2084 843 2128 Lucianci
890 2082 1049 2137 dialogi
1093 2082 1131 2122 ei
1179 2081 1408 2122 obversata
1454 2093 1535 2119 non
1583 2084 1657 2118 est.

263 2166 434 2209 Deinde
463 2172 605 2207 tantus
638 2164 680 2204 in
705 2161 887 2215 dialogis
910 2166 974 2201 est
1000 2158 1202 2214 splendor
1233 2155 1437 2198 sermonis
1459 2161 1660 2209 tantaque

262 2243 511 2299 graecitatis
542 2241 721 2298 puritas,
764 2246 810 2280 ut
849 2237 976 2294 plane
1022 2233 1243 2291 aspernari
1285 2239 1500 2287 tamquam
1533 2230 1659 2271 vilem

263 2322 515 2377 scriptorem
539 2317 788 2360 Katrarium
818 2327 1103 2370 nequeamus3
1137 2310 1241 2352 talia
1274 2316 1412 2351 autem
1445 2322 1492 2349 eo
1524 2305 1660 2359 magis

264 2398 529 2450 mirabimur,
563 2410 659 2437 cum
692 2392 939 2443 viderimus,
981 2404 1064 2445 qua
1097 2393 1234 2429 aetate
1274 2384 1465 2438 dialogos
1498 2389 1660 2423 nostros

265 2476 446 2530 scriptos
480 2487 571 2514 csse
604 2469 834 2512 verisimile
867 2468 930 2509 sit.
973 2466 1189 2506 Postremo
1223 2469 1393 2518 praeter
1425 2459 1660 2501 Lucianum

265 2553 392 2594 ctiam
427 2551 532 2592 alios
566 2549 830 2591 Graccorum
864 2544 1092 2598 scriptores
1125 2539 1351 2581 Katrarius
1384 2536 1500 2590 legit.

409 2639 585 2682 Stobaei
606 2635 862 2690 florilegium
892 2633 929 2674 ei
959 2630 1174 2685 cognitum
1197 2628 1326 2669 fuisse
1349 2627 1390 2666 in
1414 2623 1663 2666 Hermodoti

267 2725 309 2760 et
341 2716 543 2759 Musoclis
576 2714 762 2756 editione
796 2711 1043 2753 adnotatum
1077 2712 1163 2759 est3
1197 2704 1321 2746 etiam
1353 2702 1396 2742 in
1430 2699 1662 2754 Hermippo

268 2793 456 2837 ciusdem
497 2790 692 2845 florilegii
727 2789 931 2842 excerpta
977 2784 1108 2826 latere
1151 2780 1420 2836 exploratum
1460 2775 1663 2817 habemus

268 2879 309 2914 et
331 2871 387 2914 ab
407 2870 550 2913 Eltero
574 2866 823 2924 propediem
847 2859 1218 2904 demonstrabitur.
1253 2855 1445 2897 Alterum
1470 2851 1660 2893 Katrarii

267 2951 429 2992 fontem
448 2945 777 3002 Aristophanem
800 2942 884 2982 iam
907 2933 1250 2988 commemoravi,
1274 2945 1369 2976 cum
1402 2930 1453 2970 de
1476 2927 1663 2969 Musolce
